@misc{
	reinforcement_learning,
	author = "Richard S. Sutton \& Andrew G. Barto",
	title = "Reinforcement Learning: An Introduction", 
	year = "2018",
	publisher = "Westchester Publishing Services",
	howpublished = "\url{http://www.incompleteideas.net/book/RLbook2018.pdf}",
	note = "(posjećeno: 29.11.2020)"
}

@misc{
	starting_hand_groups,
	author = "David Skalinsky \& Mason Malmuth",
	title = "Starting hand groups", 
	year = "1999",
	howpublished = "\url{https://www.thepokerbank.com/strategy/basic/starting-hand-selection/sklansky-groups/}",
	note = "(posjećeno: 29.11.2020)"
}

@misc{
	EHS,
	author = "Darse Billings{,} Denis Papp{,} Jonathan Schaeffer{,} Duane Szafron",
	title = "Opponent Modeling in Poker", 
	year = "1998",
	publisher = "Department of Computing Science University of Alberta",
	howpublished = "\url{http://www.cs.virginia.edu/~evans/poker/wp-content/uploads/2011/02/opponent_modeling_in_poker_billings.pdf}",
	note = "(posjećeno: 29.11.2020)"
}

@misc{
	deep_lizard,
	author = "Deeplizard",
	title = "Reinforcement learning - Goal oriented intelligence",
	year = "2018",
	howpublished = "\url{https://deeplizard.com/learn/playlist/PLZbbT5o_s2xoWNVdDudn51XM8lOuZ_Njv}",
	note = "(posjećeno: 29.11.2020)"
}

@misc{
	ai,
	author = "Wikipedia",
	title = "Artificial intelligence",
	year = "2020",
	howpublished = "\url{https://en.wikipedia.org/wiki/Artificial_intelligence}",
	note = "(posjećeno: 29.11.2020)"
}